@book{InternetRevolution,
  author = "Maryann P. Feldman",
  publisher = "International Social Science Journal",
  pages = "47--56",
  title = "The Internet revolution and the geography of innovation",
  volume = "54",
  month = "March",
  year = "2002",
  url = "http://onlinelibrary.wiley.com/doi/10.1111/1468-2451.00358/full",
  issn = "1468-2451"
},
@book{IoT,
  author = "M. A. Feki, F. Kawsar, M. Boussard",
  publisher = "IEEE",
  pages = "24--25",
  title = "The Internet of Things: The Next Technological Revolution",
  volume = "46",
  month = "February",
  year = "2013",
  url = "http://ieeexplore.ieee.org/document/6457383/#full-text-section",
  issn = "0018-9162"
},
@techreport{Rfc1945,
  institution = "NTWG",
  title = "RFC1945",
  month = "May",
  year = "1996",
  url = "https://tools.ietf.org/html/rfc1945#section-1.3"
},
@techreport{Rfc2068,
  institution = "NTWG",
  title = "RFC2068",
  month = "January",
  year = "1997",
  url = "https://tools.ietf.org/html/rfc2068#section-8.1"
},
@techreport{Rfc6455,
  institution = "IETF",
  title = "RFC6455",
  month = "December",
  year = "2011",
  url = "https://tools.ietf.org/html/rfc6455#section-1.1",
  issn = "2070-1721"
},
@techreport{Rfc7452,
  institution = "IAB",
  title = "RFC7452",
  month = "March",
  year = "2015",
  url = "https://tools.ietf.org/html/rfc7452#section-2",
  issn = "2070-1721"
},
@techreport{Rfc7540,
  institution = "IETF",
  title = "RFC7540",
  month = "May",
  year = "2015",
  url = "https://tools.ietf.org/html/rfc7540#section-8.2",
  issn = "2070-1721"
},
@manual{ApacheTimeout,
  institution = "Apache",
  title = "Apache2.4 KeepAliveTimeout",
  url = "https://httpd.apache.org/docs/2.4/mod/core.html#keepalivetimeout"
},
@manual{Facebook,
  institution = "Facebook",
  title = "Building Facebook Messenger",
  month = "August",
  year = "2011",
  url = "https://www.facebook.com/notes/facebook-engineering/building-facebook-messenger/10150259350998920"
},
@manual{Ibm,
  institution = "IBM",
  title = "IBM bluemix",
  url = "https://www.ibm.com/developerworks/cloud/library/cl-mqtt-bluemix-iot-node-red-app/"
},
@manual{Aws,
  institution = "Amazon",
  title = "AWS IoT â€“ Cloud Services for Connected Devices",
  month = "October",
  year = "2015",
  url = "https://aws.amazon.com/it/blogs/aws/aws-iot-cloud-services-for-connected-devices/"
},
@misc{PowerProfiling,
  author = "Stephend Nicholas",
  title = "Power Profiling: HTTPS Long Polling vs. MQTT with SSL, on Android",
  month = "May",
  year = "2012",
  url = "http://stephendnicholas.com/posts/power-profiling-mqtt-vs-https"
}
